<record><leader>00000cas a2200000 a 4500</leader><controlfield tag="001">10546474</controlfield><controlfield tag="008">840321d1937194uksuwr ne      0   a0eng d</controlfield><datafield ind1=" " ind2=" " tag="010"><subfield code="a">sn 83041010 </subfield></datafield><datafield ind1=" " ind2=" " tag="040"><subfield code="a">KSH</subfield><subfield code="b">eng</subfield><subfield code="c">KSH</subfield><subfield code="d">NPT</subfield><subfield code="d">OCL</subfield><subfield code="d">OCLCQ</subfield></datafield><datafield ind1=" " ind2=" " tag="042"><subfield code="a">msc</subfield></datafield><datafield ind1=" " ind2=" " tag="043"><subfield code="a">n-us-ks</subfield></datafield><datafield ind1="0" ind2="4" tag="245"><subfield code="a">The Galena times-republican.</subfield></datafield><datafield ind1=" " ind2=" " tag="260"><subfield code="a">Galena, Kan. :</subfield><subfield code="b">Harold E. &amp; Stella M. Peterson,</subfield><subfield code="c">1937-</subfield></datafield><datafield ind1=" " ind2=" " tag="300"><subfield code="a">v. :</subfield><subfield code="b">ill. ;</subfield><subfield code="c">55 cm.</subfield></datafield><datafield ind1=" " ind2=" " tag="310"><subfield code="a">Weekly</subfield></datafield><datafield ind1="0" ind2=" " tag="362"><subfield code="a">Vol. 57, no. 18 (Feb. 12, 1937)-</subfield></datafield><datafield ind1=" " ind2=" " tag="752"><subfield code="a">United States</subfield><subfield code="b">Kansas</subfield><subfield code="c">Cherokee</subfield><subfield code="d">Galena.</subfield></datafield><datafield ind1="0" ind2="4" tag="780"><subfield code="t">Galena times (Galena, Kan. : 1924)</subfield><subfield code="w">(DLC)sn 83041069</subfield></datafield><datafield ind1="0" ind2="4" tag="780"><subfield code="t">Galena republican (Galena, Kan. : 1925)</subfield><subfield code="w">(DLC)sn 83041009</subfield></datafield><datafield ind1="0" ind2="7" tag="785"><subfield code="t">Galena sentinel (Galena, Kan.)</subfield><subfield code="w">(DLC)sn 83041016</subfield></datafield><datafield ind1="0" ind2="7" tag="785"><subfield code="t">Galena sentinel and times</subfield><subfield code="w">(DLC)sn 83041017</subfield></datafield></record>